@online{gnulinux,
	author = {\href{http://stallman.org/}{Richard M. Stallman}},
	title = {Linux i System GNU},
	year = {2016},
	url = {https://www.gnu.org/gnu/linux-and-gnu.pl.html},
	urldate = {2016-06-24},
	organization = {Free Software Foundation},
	keywords = "gnu,linux,stallman"
}
@online{linux-kernel,
	author = {Linus Torvalds},
	title = {Kod źródłowy jądra Linux},
	url = {https://github.com/torvalds/linux},
	urldate = {2016-07-10},
	keywords = "kernel,github,torvalds"
}
@online{gnu,
	author = {Free Software Foundation},
	title = {System operacyjny GNU},
	subtitle = {Czym jest GNU?},
	year = {2016},
	url = {https://www.gnu.org/},
	urldate = {2016-07-10},
	organization = {Free Software Foundation},
	keywords = "gnu,stallman"
}
@online{gnu-faq,
	author = {Richard Stallman},
	title = {GNU Linux FAQ},
	year = {2016},
	url = {https://www.gnu.org/gnu/gnu-linux-faq.html},
	urldate = {2016-07-10},
	organization = {Free Software Foundation},
	keywords = "gnu,stallman"
}
@online{gnu-initial-msg,
	author = {Richard Stallman},
	title = {Oryginalne ogłoszenie rozpoczęcia Projektu GNU},
	year = {1983},
	url = {https://www.gnu.org/gnu/initial-announcement.html},
	urldate = {2016-07-11},
	organization = {Free Software Foundation},
	keywords = "gnu,stallman"
}
@online{so-problem-intro,
	author = {\href{http://ics.p.lodz.pl/\%7Estolarek}{dr inż. Jan Stolarek}},
	title = {How to manage enterprise network of Linux machines?},
	year = {2012},
	url = {http://serverfault.com/questions/434197/how-to-manage-enterprise-network-of-linux-machines},
	urldate = {2016-06-25},
	organization = {Instytut Informatyki Politechniki Łódzkiej},
	keywords = "serverfault,forum"
}
@misc{formularz-zgloszenia-pracy,
	author = {\href{http://www.mini.pw.edu.pl/\%7Ekozlowsm/}{dr inż. Marek Kozłowski}},
	title = {Zgłoszenie tematu pracy dyplomowej magisterskiej},
	year = {2016},
	keywords = "paperwork"
}
@online{copyleft,
	author = {Free Software Foundation},
	title = {Licencje},
	subtitle = {Co to jest Copyleft?},
	year = {2016},
	url = {https://www.gnu.org/licenses/licenses.pl.html#WhatIsCopyleft},
	urldate = {2016-07-09},
	organization = {Free Software Foundation},
	keywords = "gnu,licenses"
}
@online{gpl3,
	author = {Free Software Foundation},
	title = {GNU General Public License},
	subtitle = {Version 3},
	year = {2007},
	month = {czerwiec},
	url = {https://www.gnu.org/licenses/gpl-3.0.html},
	urldate = {2016-07-09},
	organization = {Free Software Foundation},
	keywords = "gnu,licenses"
}
@online{lgpl3,
	author = {Free Software Foundation},
	title = {GNU Lesser General Public License},
	subtitle = {Version 3},
	year = {2007},
	month = {czerwiec},
	url = {https://www.gnu.org/licenses/lgpl-3.0.html},
	urldate = {2016-07-09},
	organization = {Free Software Foundation},
	keywords = "gnu,licenses"
}
@online{mit,
	author = {Massachusetts Institute of Technology},
	title = {The MIT License (MIT)},
	year = {1988},
	url = {https://opensource.org/licenses/MIT},
	urldate = {2016-07-09},
	organization = {Open Source Initiative},
	keywords = "mit,licenses"
}
@online{apache2.0,
	author = {The Apache Software Foundation},
	title = {Apache~2.0 license},
	year = {2004},
	month = {Styczeń},
	url = {http://www.apache.org/licenses/LICENSE-2.0},
	urldate = {2016-07-10},
	organization = {The Apache Software Foundation},
	keywords = "apache,licenses"
}
@online{bsd,
	author = {Regents of the University of California},
	title = {The BSD 2-Clause License},
	year = {1998},
	url = {https://opensource.org/licenses/BSD-2-Clause},
	urldate = {2016-07-11},
	organization = {University of California}
}
@online{mit-popularity-fedora,
	author = {Anwesha Das},
	title = {Software Licenses in Fedora Ecosystem},
	year = {2016},
	month = {czerwiec},
	url = {https://anweshadas.in/software-licenses-in-fedora-ecosystem/},
	urldate = {2016-07-09},
	keywords = "licenses,mit,fedora"
}
@online{mit-popularity-github,
	author = {Ben Balter},
	title = {Open source license usage on GitHub.com},
	year = {2016},
	month = {marzec},
	url = {https://github.com/blog/1964-license-usage-on-github-com},
	urldate = {2016-07-09},
	keywords = "licenses,mit,github"
}
@online{free-software,
	author = {Free Software Foundation},
	title = {Co to wolne oprogramowanie?},
	subtitle = {Definicja Wolnego Oprogramowania},
	year = {2016},
	url = {https://www.gnu.org/philosophy/free-sw.html},
	urldate = {2016-07-09},
	organization = {Free Software Foundation},
	keywords = "gnu,free"
}
@online{why-not-lgpl,
	author = {Free Software Foundation},
	title = {Czemu nie należy stosować Lesser GPL dla kolejnej biblioteki},
	year = {2016},
	url = {https://www.gnu.org/philosophy/why-not-lgpl.html},
	urldate = {2016-07-09},
	organization = {Free Software Foundation},
	keywords = "gnu,free"
}
@online{wiki:linux-naming-controversy,
	title = {GNU/Linux naming controversy},
	url = {https://en.wikipedia.org/wiki/GNU/Linux_naming_controversy},
	urldate = {2016-07-09},
	organization = {Wikipedia},
	year = {2016},
	keywords = "wikipedia"
}
@online{wiki:licenses-comparison,
	title = {Comparison of free and open-source software licenses},
	url = {https://en.wikipedia.org/wiki/Comparison_of_free_and_open-source_software_licenses},
	urldate = {2016-07-11},
	organization = {Wikipedia},
	year = {2016},
	keywords = "wikipedia"
}
@online{rfc:ssh,
	title = {The Secure Shell (SSH) Protocol Architecture},
	url = {https://tools.ietf.org/html/rfc4251},
	urldate = {2016-07-09},
	organization = {Internet Engineering Task Force (IETF)},
	year = {2016},
	keywords = "rfc,ietf"
}

%@online{distributing-binary,
%	author = {\href{http://wxbar.sourceforge.net/}{Dmitriy Maksimov}},
%	title = {What’s the best way to distribute a binary application for Linux?},
%	year = {2009},
%	url = {http://stackoverflow.com/questions/1522990/what-s-the-best-way-to-distribute-a-binary-application-for-linux},
%	urldate = {2016-06-25},
%	organization = {},
%	keywords = "stackoverflow,forum"
%}
%@online{zenworks-technical-spec,
%	title = {ZENworks® Configuration Management},
%	subtitle = {Micro Focus ZENworks Configuration Management Technical Specifications},
%	url = {https://www.novell.com/products/zenworks/configurationmanagement/technical-information/},
%	urldate = {2016-06-25},
%	organization = {Novell}
%}
%@online{puppet,
%	title = {Strona internetowa projektu Puppet},
%	url = {https://puppet.com/},
%	urldate = {2016-06-25},
%	organization = {Puppet}
%}
%@online{wiki:scm-comparison,
%	title = {Comparison of open-source configuration management software},
%	url = {https://en.wikipedia.org/wiki/Comparison_of_open-source_configuration_management_software},
%	urldate = {2016-06-25},
%	organization = {Wikipedia},
%	year = {2016},
%	keywords = "wikipedia"
%}
%@online{wiki:scm,
%	title = {Software configuration management},
%	url = {https://en.wikipedia.org/wiki/Software_configuration_management},
%	urldate = {2016-06-25},
%	organization = {Wikipedia},
%	year = {2016},
%	keywords = "wikipedia"
%}
