@article{blackholes,
	author="Rabbert Klein",
	title="Black Holes and Their Relation to Hiding Eggs",
	journal="Theoretical Easter Physics",
	publisher="Eggs Ltd.",
	year="2010",
	note="(to appear)"
}

@online{gnulinux,
	author = {Richard M. Stallman},
	title = {Linux i System GNU},
	year = 2016,
	url = {https://www.gnu.org/gnu/linux-and-gnu.pl.html},
	urldate = {2016-06-24},
	organization = {Free Software Foundation},
	keywords = "gnu, linux, stallman"
}
